<record xmlns='http://www.loc.gov/MARC21/slim'><leader>01752ctmaa2200397Ma 4500</leader><controlfield tag='001'>5953023</controlfield><controlfield tag='005'>20200925235314.0</controlfield><controlfield tag='008'>091005s1826    xx            000 p ota d</controlfield><datafield ind1=' ' ind2=' ' tag='035'><subfield code='a'>(OCoLC)ocn505789970</subfield></datafield><datafield ind1=' ' ind2=' ' tag='035'><subfield code='a'>(OCoLC)505789970</subfield></datafield><datafield ind1=' ' ind2=' ' tag='035'><subfield code='a'>5953023</subfield></datafield><datafield ind1=' ' ind2=' ' tag='040'><subfield code='a'>PUL</subfield><subfield code='e'>amremm</subfield><subfield code='c'>PUL</subfield><subfield code='d'>PUL</subfield></datafield><datafield ind1=' ' ind2=' ' tag='066'><subfield code='c'>(3</subfield></datafield><datafield ind1='0' ind2=' ' tag='130'><subfield code='6'>880-01</subfield><subfield code='a'>Sabhe-yi sıbyan</subfield></datafield><datafield ind1='1' ind2='0' tag='245'><subfield code='6'>880-02</subfield><subfield code='a'>Hâzâ Kitab-ı Sabhe-yi sıbyan.</subfield></datafield><datafield ind1='1' ind2='0' tag='246'><subfield code='6'>880-03</subfield><subfield code='a'>Sabhe-yi sıbyan</subfield></datafield><datafield ind1=' ' ind2=' ' tag='260'><subfield code='c'>[1826]</subfield></datafield><datafield ind1=' ' ind2=' ' tag='300'><subfield code='a'>20 leaves :</subfield><subfield code='b'>paper ;</subfield><subfield code='c'>224 x 159 (160 x 98) mm. bound to 224 x 161 mm.</subfield></datafield><datafield ind1=' ' ind2=' ' tag='500'><subfield code='a'>Ms. codex.</subfield></datafield><datafield ind1=' ' ind2=' ' tag='500'><subfield code='a'>Title from fol. 2b.</subfield></datafield><datafield ind1=' ' ind2=' ' tag='500'><subfield code='a'>Physical description: 15 lines per page in two columns; written in naskhi script in black on white paper. Rubrication, catchwords, a few marginal notes. Vocalized. Fol. 2b-3a framed in gold with simple gold ʻunwan. Remainder of text framed in red. Fol. 1 blank.</subfield></datafield><datafield ind1=' ' ind2=' ' tag='500'><subfield code='a'>Origin: Copied in 1225 AH (1826 AD) by Ḥāfiẓ ʻAbd al-Raḥīm (fol. 20b).</subfield></datafield><datafield ind1=' ' ind2=' ' tag='541'><subfield code='d'>1998/11/5</subfield><subfield code='e'>(1999-29).</subfield></datafield><datafield ind1=' ' ind2=' ' tag='546'><subfield code='a'>In Ottoman Turkish.</subfield></datafield><datafield ind1=' ' ind2=' ' tag='563'><subfield code='a'>Heavy marbled paper.</subfield></datafield><datafield ind1=' ' ind2=' ' tag='530'><subfield code='a'>Also available in an electronic version.</subfield></datafield><datafield ind1=' ' ind2='0' tag='650'><subfield code='a'>Islamic poetry, Turkish.</subfield><subfield code='0'>http://id.loc.gov/authorities/subjects/sh88000934</subfield></datafield><datafield ind1=' ' ind2='0' tag='650'><subfield code='a'>Turkish poetry.</subfield><subfield code='0'>http://id.loc.gov/authorities/subjects/sh85138898</subfield></datafield><datafield ind1=' ' ind2='7' tag='655'><subfield code='a'>Manuscripts, Turkish</subfield><subfield code='y'>19th century.</subfield><subfield code='2'>lcsh</subfield></datafield><datafield ind1=' ' ind2='7' tag='655'><subfield code='a'>Poetry.</subfield><subfield code='2'>lcgft</subfield><subfield code='0'>http://id.loc.gov/authorities/genreForms/gf2014026481</subfield></datafield><datafield ind1='4' ind2='1' tag='856'><subfield code='u'>http://arks.princeton.edu/ark:/88435/08612r13p</subfield></datafield><datafield ind1='0' ind2=' ' tag='880'><subfield code='6'>130-01/(3/r</subfield><subfield code='a'>سبحه صبىان</subfield></datafield><datafield ind1='1' ind2='0' tag='880'><subfield code='6'>245-02/(3/r</subfield><subfield code='a'>هذا كتاب سبحه صبىان.</subfield></datafield><datafield ind1='1' ind2='0' tag='880'><subfield code='6'>246-03/(3/r</subfield><subfield code='a'>سبحه صبىان</subfield></datafield><datafield ind1=' ' ind2=' ' tag='999'><subfield code='a'>5953023</subfield></datafield><datafield ind1=' ' ind2=' ' tag='902'><subfield code='a'>des</subfield><subfield code='b'>o</subfield><subfield code='6'>t</subfield><subfield code='7'>m</subfield><subfield code='d'>a</subfield><subfield code='f'>0</subfield><subfield code='e'>20100416</subfield></datafield><datafield ind1='8' ind2='0' tag='852'><subfield code='0'>6016770</subfield><subfield code='b'>hsvm</subfield><subfield code='h'>Islamic Manuscripts, Third Series no. 388</subfield></datafield><datafield ind1='8' ind2=' ' tag='852'><subfield code='0'>10689053</subfield><subfield code='b'>elf1</subfield><subfield code='h'>Electronic Resource</subfield></datafield><datafield ind1=' ' ind2=' ' tag='959'><subfield code='a'>2009-10-05 08:43:25 +0000</subfield></datafield></record>
